@inproceedings{ortigoso2024ddfh,
  author    = {A. R. Ortigoso and G. Vieira and D. Fuentes and L. Fraz{\~a}o and N. Costa and A. Pereira},
  title     = {DDFH: Dynamic Dual Frequency Hopping for LoRa Networks},
  booktitle = {2024 34th International Telecommunication Networks and Applications Conference (ITNAC)},
  year      = {2024},
  pages     = {1-4},
  address   = {Sydney, Australia},
  doi       = {10.1109/ITNAC62915.2024.10815328}
}

@inproceedings{aras2017security,
  author    = {E. Aras and G. S. Ramachandran and P. Lawrence and D. Hughes},
  title     = {Exploring the Security Vulnerabilities of LoRa},
  booktitle = {2017 3rd IEEE International Conference on Cybernetics (CYBCONF)},
  year      = {2017},
  pages     = {1-6},
  address   = {Exeter, UK},
  doi       = {10.1109/CYBConf.2017.7985777}
}

@misc{semtech2016sx1276,
  author    = {Semtech Corporation},
  title     = {{SX1276/77/78/79 â€“ 137 MHz to 1020 MHz Low Power Long Range Transceiver (Wireless, Sensing \& Timing Datasheet)}},
  year      = {2016},
  note      = {Rev. 5, Aug. 2016}
}

@article{erkan2023secure,
  author    = {E. Erkan and H. O{\u{g}}ra{\c{s}} and {\c{S}}. Fidan},
  title     = {Application of a secure data transmission with an effective timing algorithm based on LoRa modulation and chaos},
  journal   = {Microprocessors and Microsystems},
  volume    = {99},
  year      = {2023},
  pages     = {104829},
  doi       = {10.1016/j.micpro.2023.104829}
}

@inproceedings{ni2024esp32crypto,
  author    = {L. C. Ni and S. Ali and A. N. A. A. Aziz and R. A. Rashid},
  title     = {Implementation of Proposed Cryptography Algorithm on ESP32-Based IoT System},
  booktitle = {2024 IEEE International Conference on Advanced Telecommunication and Networking Technologies (ATNT)},
  year      = {2024},
  pages     = {1-4},
  address   = {Johor Bahru, Malaysia},
  doi       = {10.1109/ATNT61688.2024.10719299}
}

@article{zhang2021physical,
  author    = {C. Zhang and J. Yue and L. Jiao and J. Shi and S. Wang},
  title     = {A Novel Physical Layer Encryption Algorithm for LoRa},
  journal   = {IEEE Communications Letters},
  volume    = {25},
  number    = {8},
  pages     = {2512-2516},
  year      = {2021},
  doi       = {10.1109/LCOMM.2021.3078669}
}
